<?xml version="1.0" encoding="UTF-8"?><collection xmlns="http://www.loc.gov/MARC21/slim"><record><leader>00479nam--2200169-i-4500</leader><controlfield tag="001">000029777</controlfield><controlfield tag="002">20161230</controlfield><controlfield tag="005">20161230201037</controlfield><controlfield tag="008">060222s1000------------r-----000-0-eng-d</controlfield><datafield ind1=" " ind2=" " tag="040"><subfield code="a">IFIN-HH</subfield></datafield><datafield ind1=" " ind2=" " tag="080"><subfield code="a">539.125.5.03</subfield></datafield><datafield ind1="1" ind2=" " tag="100"><subfield code="a">Louwrier, P.W.F</subfield></datafield><datafield ind1="1" ind2="0" tag="245"><subfield code="a">Calibration of a radium (alpha, n) beryllium neutron source</subfield><subfield code="b">/thesis</subfield><subfield code="c">P.w.f. louwrier</subfield></datafield><datafield ind1=" " ind2=" " tag="260"><subfield code="a">Amsterdam</subfield><subfield code="b">University</subfield><subfield code="c">1966</subfield></datafield><datafield ind1=" " ind2=" " tag="300"><subfield code="a">88P</subfield></datafield><datafield ind1=" " ind2=" " tag="852"><subfield code="a">29587</subfield><subfield code="c">539.1.07:539.1.08</subfield></datafield><datafield ind1=" " ind2=" " tag="CAT"><subfield code="a">Sys</subfield><subfield code="c">20111021</subfield><subfield code="h">114720</subfield></datafield></record></collection>